@book{python_facil,
	author    = {Arnaldo Perez Castaño}, 
	title     = {PYTHON FÁCIL},
	publisher = { MARCOMBO, S.A.},
	year      = 2015,
	isbn      = {9788426722126}
}

@manual{manual,
	title        = {Documentación Python}
}